<record><leader>00000cas a22000007a 4500</leader><controlfield tag="001">9849896</controlfield><controlfield tag="008">830826d18761905nyuwr ne      0    0eng d</controlfield><datafield ind1=" " ind2=" " tag="010"><subfield code="a">sn 83031442 </subfield></datafield><datafield ind1=" " ind2=" " tag="040"><subfield code="a">NPU</subfield><subfield code="b">eng</subfield><subfield code="c">NPU</subfield><subfield code="d">NPX</subfield><subfield code="d">NYS</subfield><subfield code="d">OCLCQ</subfield></datafield><datafield ind1=" " ind2=" " tag="042"><subfield code="a">msc</subfield></datafield><datafield ind1="0" ind2="0" tag="245"><subfield code="a">Newburgh weekly register.</subfield></datafield><datafield ind1=" " ind2=" " tag="260"><subfield code="a">Newburgh, N.Y. :</subfield><subfield code="b">H.P. Kimber &amp; Co.</subfield></datafield><datafield ind1=" " ind2=" " tag="300"><subfield code="a">v. :</subfield><subfield code="b">ill. ;</subfield><subfield code="c">63 cm.</subfield></datafield><datafield ind1=" " ind2=" " tag="310"><subfield code="a">Weekly</subfield></datafield><datafield ind1="1" ind2=" " tag="362"><subfield code="a">Began in 1876; ceased in 1905.</subfield><subfield code="z">Cf. Gregory, W. Amer. newspapers.</subfield></datafield><datafield ind1=" " ind2=" " tag="500"><subfield code="a">Publisher: H.P. Kimber &amp; Co., &lt;1878-May 10, 1882&gt;; John A. Mason, &lt;Nov. 21, 1883-1884&gt;.</subfield></datafield><datafield ind1=" " ind2=" " tag="580"><subfield code="a">Daily eds.: Newburgh daily register, &lt;1876-1885&gt;; Newburgh register, &lt;1886-1905&gt;.</subfield></datafield><datafield ind1=" " ind2=" " tag="588"><subfield code="a">Description based on: Vol. 3, no. 113 (Nov. 20, 1878).</subfield></datafield><datafield ind1=" " ind2=" " tag="588"><subfield code="a">Latest issue consulted: Mar. 5, 1890.</subfield></datafield><datafield ind1=" " ind2="4" tag="651"><subfield code="a">Newburgh (N.Y.)</subfield><subfield code="v">Newspapers.</subfield></datafield><datafield ind1=" " ind2=" " tag="752"><subfield code="a">United States</subfield><subfield code="b">New York</subfield><subfield code="c">Orange</subfield><subfield code="d">Newburgh.</subfield></datafield><datafield ind1="1" ind2=" " tag="775"><subfield code="t">Newburgh daily register</subfield><subfield code="w">(DLC)sn 83031447</subfield><subfield code="w">(OCoLC)9849919</subfield></datafield><datafield ind1="1" ind2=" " tag="775"><subfield code="t">Newburgh register</subfield><subfield code="w">(DLC)sn 83031448</subfield><subfield code="w">(OCoLC)9849865</subfield></datafield><datafield ind1="0" ind2="0" tag="780"><subfield code="t">Newburgh weekly telegraph (Newburgh, N.Y. : 1874)</subfield><subfield code="w">(DLC)sn 86053072</subfield><subfield code="w">(OCoLC)13143549</subfield></datafield><datafield ind1="1" ind2=" " tag="029"><subfield code="a">AU@</subfield><subfield code="b">000024692091</subfield></datafield></record>